<?xml version="1.0" encoding="UTF-8"?><collection xmlns="http://www.loc.gov/MARC21/slim"><record><leader>00424nam--2200133-i-4500</leader><controlfield tag="001">000025265</controlfield><controlfield tag="002">20161230</controlfield><controlfield tag="005">20161230201035</controlfield><controlfield tag="008">060222s1000------------r-----000-0-eng-d</controlfield><datafield ind1=" " ind2=" " tag="080"><subfield code="a">621.039.526(043)</subfield></datafield><datafield ind1=" " ind2=" " tag="100"><subfield code="a">Ilie, Petre</subfield></datafield><datafield ind1=" " ind2=" " tag="245"><subfield code="a">Contributii la elaborarea unui set de date nucleare pentru reactorii rapizi. teza de doctorat</subfield></datafield><datafield ind1=" " ind2=" " tag="260"><subfield code="a">Bucuresti, Institutul De Fizica Si Inginerie Nucleara, 1977. 171p</subfield></datafield><datafield ind1=" " ind2=" " tag="852"><subfield code="a">44738</subfield></datafield></record></collection>